@article{ref1,
	author = {Robert E. Tarjan and Renato F. Werneck},
	title = {Self-Adjusting Top Trees},
	journal = {SODA '05 Proceedings of the sixteenth annual ACM-SIAM symposium on Discrete algorithms},
	volume = {Session 1A},
	number = {813-822},
	institution = {ACM},
	address = {New York},
	year = {2005}
}

@article{ref4,
	author = {Tomasz Radzik},
	title = {Implementation of Dynamic Trees with In-Subtree Operations},
	journal = {Journal of Experimental Algorithmics (JEA)},
	volume = {3},
	number = {9},
	year = {1998}
}

@manual{ref2,
	title = {Top Tree},
	organization = {Wikipedia},
	address = {\url{https://en.wikipedia.org/wiki/Top\_tree}},
}

@manual{ref3,
	title = {除草+题解：sone1},
	author = {黄志翱},
	address = {\url{http://hzaskywalker.blog.163.com/blog/static/20379815720135110748168/}}
}